@MISC{web-lejebetingelser,
      AUTHOR = "AVIS",
      TITLE = "Lejebetingelser for biludlejning",
      MONTH = "Marts",
      YEAR = 2009,
      HOWPUBLISHED = "\url{http://www.avis.dk/Lejebetingelser#ctl00_main_CMSContentArea1_ctl43_title}"
}